<?xml version="1.0" encoding="UTF-8"?><collection xmlns="http://www.loc.gov/MARC21/slim"><record><leader>00350nam--2200121-i-4500</leader><controlfield tag="001">000016738</controlfield><controlfield tag="002">20161230</controlfield><controlfield tag="005">20161230201031</controlfield><controlfield tag="008">060222s1000------------r-----000-0-eng-d</controlfield><datafield ind1=" " ind2=" " tag="080"><subfield code="a">017.1</subfield></datafield><datafield ind1=" " ind2=" " tag="245"><subfield code="a">Catalogul colectiv al cartilor straine in bibl iotecile din r.s.r., 1983</subfield></datafield><datafield ind1=" " ind2=" " tag="260"><subfield code="a">Bucuresti, Biblioteca Centrala De Stat, 1986. 578 P</subfield></datafield><datafield ind1=" " ind2=" " tag="852"><subfield code="a">D1013</subfield></datafield></record></collection>